<record xmlns="http://www.loc.gov/MARC21/slim" xmlns:xsi="http://www.w3.org/2001/XMLSchema-instance" xsi:schemaLocation="http://www.loc.gov/MARC21/slim http://www.loc.gov/standards/marcxml/schema/MARC21slim.xsd"><leader>02574nam a2200457   4500</leader><controlfield tag="001">001937037</controlfield><controlfield tag="003">NNU</controlfield><controlfield tag="006">m        d        </controlfield><controlfield tag="007">cr cn |||m|||a</controlfield><controlfield tag="008">150223m19869999ir      o     000 0 arard</controlfield><datafield ind1=" " ind2=" " tag="040"><subfield code="a">NNU</subfield><subfield code="b">eng</subfield><subfield code="e">rda</subfield><subfield code="c">NNU</subfield></datafield><datafield ind1="1" ind2=" " tag="041"><subfield code="a">ara</subfield><subfield code="h">per</subfield></datafield><datafield ind1=" " ind2="4" tag="050"><subfield code="a">B29</subfield><subfield code="b">.M58 1986</subfield></datafield><datafield ind1="1" ind2=" " tag="100"><subfield code="6">880-01</subfield><subfield code="a">Mis&#803;ba&#772;h&#803; Yazdi&#772;, Muh&#803;ammad Taqi&#772;.</subfield></datafield><datafield ind1="1" ind2="0" tag="240"><subfield code="6">880-02</subfield><subfield code="a">A&#772;mu&#772;zish-i falsafah.</subfield><subfield code="l">Arabic</subfield></datafield><datafield ind1="1" ind2="3" tag="245"><subfield code="6">880-03</subfield><subfield code="a">al-Manhaj al-jadi&#772;d fi&#772; ta&#699;li&#772;m al-falsafah /</subfield><subfield code="c">ta&#700;li&#772;f Muh&#803;ammad Taqi&#772; Mis&#803;ba&#772;h&#803; al-Yazdi&#772; ; tarjamat Muh&#803;ammad &#699;Abd al-Mun&#699;im al-Kha&#772;qa&#772;ni&#772;.</subfield></datafield><datafield ind1=" " ind2=" " tag="260"><subfield code="6">880-04</subfield><subfield code="a">Qum :</subfield><subfield code="b">Mu&#700;assasat al-Nashr al-Isla&#772;mi&#772; al-T&#803;a&#772;bi&#699;ah li-Jama&#772;&#699;at al-Mudarrisi&#772;n,</subfield><subfield code="c">1407- [1986-]</subfield></datafield><datafield ind1=" " ind2=" " tag="300"><subfield code="a">online resource (volumes)</subfield></datafield><datafield ind1=" " ind2=" " tag="336"><subfield code="a">text</subfield><subfield code="2">rdacontent</subfield></datafield><datafield ind1=" " ind2=" " tag="337"><subfield code="a">computer</subfield><subfield code="2">rdamedia</subfield></datafield><datafield ind1=" " ind2=" " tag="338"><subfield code="a">online resource</subfield><subfield code="2">rdacarrier</subfield></datafield><datafield ind1=" " ind2=" " tag="500"><subfield code="a">"415-416."</subfield></datafield><datafield ind1=" " ind2=" " tag="500"><subfield code="a">Translation of: A&#772;mu&#772;zish-i falsafah.</subfield></datafield><datafield ind1=" " ind2=" " tag="500"><subfield code="a">Part of the Arabic Collections Online (ACO) project, contributed by New York Univeristy Libraries.</subfield></datafield><datafield ind1=" " ind2=" " tag="533"><subfield code="a">Electronic reproduction.</subfield><subfield code="b">New York, N.Y. :</subfield><subfield code="c">New York University,</subfield><subfield code="d">2015.</subfield><subfield code="5">NNU</subfield></datafield><datafield ind1=" " ind2="0" tag="650"><subfield code="a">Philosophy</subfield><subfield code="v">Textbooks.</subfield></datafield><datafield ind1=" " ind2="7" tag="650"><subfield code="a">Philosophy.</subfield><subfield code="2">fast</subfield><subfield code="0">(OCoLC)fst01060777</subfield></datafield><datafield ind1=" " ind2="7" tag="655"><subfield code="a">Textbooks.</subfield><subfield code="2">fast</subfield><subfield code="0">(OCoLC)fst01423863</subfield></datafield><datafield ind1="1" ind2=" " tag="700"><subfield code="6">880-05</subfield><subfield code="a">Kha&#772;qa&#772;ni&#772;, Muh&#803;ammad &#699;Abd al-Mun&#699;im.</subfield></datafield><datafield ind1="2" ind2=" " tag="710"><subfield code="a">New York University.</subfield><subfield code="b">Libraries.</subfield></datafield><datafield ind1="0" ind2=" " tag="730"><subfield code="a">Arabic Collections Online.</subfield></datafield><datafield ind1="0" ind2="8" tag="776"><subfield code="i">Online version:</subfield><subfield code="a">Mis&#803;ba&#772;h&#803; Yazdi&#772;, Muh&#803;ammad Taqi&#772;.</subfield><subfield code="s">A&#772;mu&#772;zish-i falsafah. Arabic.</subfield><subfield code="t">Manhaj al-jadi&#772;d fi&#772; ta&#699;li&#772;m al-falsafah.</subfield><subfield code="d">Qum : Mu&#700;assasat al-Nashr al-Isla&#772;mi&#772; al-T&#803;a&#772;bi&#699;ah li-Jama&#772;&#699;at al-Mudarrisi&#772;n, 1407- [1986-]</subfield><subfield code="w">(OCoLC)709524963</subfield></datafield><datafield ind1="0" ind2="8" tag="776"><subfield code="i">Print version:</subfield><subfield code="a">Mis&#803;ba&#772;h&#803; Yazdi&#772;, Muh&#803;ammad Taqi&#772;.</subfield><subfield code="t">al-Manhaj al-jadi&#772;d fi&#772; ta&#699;li&#772;m al-falsafah</subfield><subfield code="w">(NNU)001937037</subfield></datafield><datafield ind1="4" ind2="0" tag="856"><subfield code="u">http://hdl.handle.net/2333.1/b8gthwg0</subfield></datafield><datafield ind1="1" ind2=" " tag="880"><subfield code="6">100-01/</subfield><subfield code="a">&#1605;&#1589;&#1576;&#1575;&#1581; &#1610;&#1586;&#1583;&#1609;&#1548; &#1605;&#1581;&#1605;&#1583; &#1578;&#1602;&#1609;.</subfield></datafield><datafield ind1="1" ind2="0" tag="880"><subfield code="6">240-02/</subfield><subfield code="a">&#1570;&#1605;&#1608;&#1586;&#1588; &#1601;&#1604;&#1587;&#1601;&#1607;.</subfield><subfield code="l">&#1593;&#1585;&#1576;&#1610;</subfield></datafield><datafield ind1="1" ind2="2" tag="880"><subfield code="6">245-03/</subfield><subfield code="a">&#1575;&#1604;&#1605;&#1606;&#1607;&#1580; &#1575;&#1604;&#1580;&#1583;&#1610;&#1583; &#1601;&#1610; &#1578;&#1593;&#1604;&#1610;&#1605; &#1575;&#1604;&#1601;&#1604;&#1587;&#1601;&#1577; /</subfield><subfield code="c">&#1578;&#1571;&#1604;&#1610;&#1601; &#1605;&#1581;&#1605;&#1583; &#1578;&#1602;&#1610; &#1605;&#1589;&#1576;&#1575;&#1581; &#1575;&#1604;&#1610;&#1586;&#1583;&#1610; &#1563; &#1578;&#1585;&#1580;&#1605;&#1577; &#1605;&#1581;&#1605;&#1583; &#1593;&#1576;&#1583; &#1575;&#1604;&#1605;&#1606;&#1593;&#1605; &#1575;&#1604;&#1582;&#1575;&#1602;&#1575;&#1606;&#1610;.</subfield></datafield><datafield ind1=" " ind2=" " tag="880"><subfield code="6">260-04/</subfield><subfield code="a">&#1602;&#1605; :</subfield><subfield code="b">&#1605;&#1572;&#1587;&#1587;&#1577; &#1575;&#1604;&#1606;&#1588;&#1585; &#1575;&#1604;&#1573;&#1587;&#1604;&#1575;&#1605;&#1610; &#1575;&#1604;&#1578;&#1575;&#1576;&#1593;&#1577; &#1604;&#1580;&#1605;&#1575;&#1593;&#1577; &#1575;&#1604;&#1605;&#1583;&#1585;&#1587;&#1610;&#1606;&#1548;</subfield><subfield code="c">1407-1409 [1986-1988]</subfield></datafield><datafield ind1="1" ind2=" " tag="880"><subfield code="6">700-05/</subfield><subfield code="a">&#1582;&#1575;&#1602;&#1575;&#1606;&#1610;&#1548; &#1605;&#1581;&#1605;&#1583; &#1593;&#1576;&#1583; &#1575;&#1604;&#1605;&#1606;&#1593;&#1605;.</subfield></datafield><datafield ind1=" " ind2=" " tag="959"><subfield code="a">NNU</subfield><subfield code="b">WEB</subfield><subfield code="c">GENI</subfield><subfield code="t">0</subfield><subfield code="m">Electronic access</subfield><subfield code="s">01</subfield></datafield><datafield ind1=" " ind2=" " tag="999"><subfield code="i">NNU_001937037</subfield><subfield code="s">nyu_aco000138:v.1</subfield><subfield code="s">nyu_aco000139:v.2</subfield></datafield></record>